<record><leader>00000cas a2200000 a 4500</leader><controlfield tag="001">14338305</controlfield><controlfield tag="008">861003d19141917ksudr ne      0    0eng d</controlfield><datafield ind1=" " ind2=" " tag="010"><subfield code="a">sn 86064515 </subfield></datafield><datafield ind1=" " ind2=" " tag="040"><subfield code="a">KSH</subfield><subfield code="b">eng</subfield><subfield code="c">KSH</subfield><subfield code="d">NPT</subfield><subfield code="d">OCL</subfield><subfield code="d">OCLCQ</subfield></datafield><datafield ind1=" " ind2=" " tag="042"><subfield code="a">msc</subfield></datafield><datafield ind1="0" ind2=" " tag="130"><subfield code="a">Atchison champion (Atchison, Kan. : 1914)</subfield></datafield><datafield ind1="1" ind2="4" tag="245"><subfield code="a">The Atchison champion.</subfield></datafield><datafield ind1=" " ind2=" " tag="260"><subfield code="a">Atchison, Kan. :</subfield><subfield code="b">Atchison Champion Pub. Co.,</subfield><subfield code="c">1914-1917.</subfield></datafield><datafield ind1=" " ind2=" " tag="300"><subfield code="a">3 v. :</subfield><subfield code="b">ill. ;</subfield><subfield code="c">69 cm.</subfield></datafield><datafield ind1=" " ind2=" " tag="310"><subfield code="a">Daily</subfield></datafield><datafield ind1="0" ind2=" " tag="362"><subfield code="a">Vol. 58, no. 2308 (Jan. 20, 1914)-v. 58, no. 3055 (Mar. 15, 1917).</subfield></datafield><datafield ind1=" " ind2=" " tag="752"><subfield code="a">United States</subfield><subfield code="b">Kansas</subfield><subfield code="c">Atchison</subfield><subfield code="d">Atchison.</subfield></datafield><datafield ind1="0" ind2="0" tag="780"><subfield code="t">Atchison daily champion (Atchison, Kan. : 1895)</subfield><subfield code="w">(DLC)sn 86064514</subfield></datafield></record>